@misc{ MovieLens,
key = {MovieLens},
  title = {MovieLens},
    author = {GroupLens Research},
    year = {1998},
    howpublished = {http://www.grouplens.org/node/73},
    note = {Accessed: 2012-11-01}
}